@article{galambos2012vibrotactile,
  title={Vibrotactile feedback for haptics and telemanipulation: Survey, concept and experiment},
  author={Galambos, P{\'e}ter},
  journal={Acta Polytechnica Hungarica},
  volume={9},
  number={1},
  pages={41--65},
  year={2012}
}

@article{bark2013vivo,
  title={In vivo validation of a system for haptic feedback of tool vibrations in robotic surgery},
  author={Bark, Karlin and McMahan, William and Remington, Austin and Gewirtz, Jamie and Wedmid, Alexei and Lee, David I and Kuchenbecker, Katherine J},
  journal={Surgical endoscopy},
  volume={27},
  number={2},
  pages={656--664},
  year={2013},
  publisher={Springer}
}

@article{bouzit2002rutgers,
  title={The Rutgers Master II-new design force-feedback glove},
  author={Bouzit, Mourad and Burdea, Grigore and Popescu, George and Boian, Rares},
  journal={IEEE/ASME Transactions on mechatronics},
  volume={7},
  number={2},
  pages={256--263},
  year={2002},
  publisher={IEEE}
}

@inproceedings{makino2016haptoclone,
  title={HaptoClone (Haptic-Optical Clone) for Mutual Tele-Environment by Real-time 3D Image Transfer with Midair Force Feedback},
  author={Makino, Yasutoshi and Furuyama, Yoshikazu and Inoue, Seki and Shinoda, Hiroyuki},
  booktitle={Proceedings of the 2016 CHI Conference on Human Factors in Computing Systems},
  pages={1980--1990},
  year={2016},
  organization={ACM}
}

@inproceedings{wagner2005mechanisms,
  title={Mechanisms of performance enhancement with force feedback},
  author={Wagner, Christopher R and Howe, Robert D},
  booktitle={First Joint Eurohaptics Conference and Symposium on Haptic Interfaces for Virtual Environment and Teleoperator Systems. World Haptics Conference},
  pages={21--29},
  year={2005},
  organization={IEEE}
}

@article{nagendran2015symmetric,
  title={Symmetric telepresence using robotic humanoid surrogates},
  author={Nagendran, Arjun and Steed, Anthony and Kelly, Brian and Pan, Ye},
  journal={Computer Animation and Virtual Worlds},
  volume={26},
  number={3-4},
  pages={271--280},
  year={2015},
  publisher={Wiley Online Library}
}



@inproceedings{fernandes2015remembering,
  title={Remembering the physical as virtual: source confusion and physical interaction in augmented reality},
  author={Fernandes, Ajoy S and Wang, Ranxiao Frances and Simons, Daniel J},
  booktitle={Proceedings of the ACM SIGGRAPH Symposium on Applied Perception},
  pages={127--130},
  year={2015},
  organization={ACM}
}

@article{fu2015towards,
  title={Towards Intelligent Telerobotics: Visualization and Control of Remote Robot},
  author={Fu, Bo},
  year={2015}
}
@article{sheridan1995teleoperation,
  title={Teleoperation, telerobotics and telepresence: A progress report},
  author={Sheridan, Thomas B},
  journal={Control Engineering Practice},
  volume={3},
  number={2},
  pages={205--214},
  year={1995},
  publisher={Elsevier}
}

@inproceedings{haouchine2013image,
  title={Image-guided simulation of heterogeneous tissue deformation for augmented reality during hepatic surgery},
  author={Haouchine, Nazim and Dequidt, Jeremie and Peterlik, Igor and Kerrien, Erwan and Berger, Marie-Odile and Cotin, Stephane},
  booktitle={Mixed and Augmented Reality (ISMAR), 2013 IEEE International Symposium on},
  pages={199--208},
  year={2013},
  organization={IEEE}
}

@incollection{berman2015design,
  title={Design Considerations of Dexterous Telerobotics},
  author={Berman, Sigal},
  booktitle={Control and Systems Engineering},
  pages={193--203},
  year={2015},
  publisher={Springer}
}

@incollection{mollet2009virtual,
  title={Virtual and augmented reality tools for teleoperation: improving distant immersion and perception},
  author={Mollet, Nicolas and Chellali, Ryad and Brayda, Luca},
  booktitle={Transactions on Edutainment II},
  pages={135--159},
  year={2009},
  publisher={Springer}
}

